@inproceedings{InproceedingRefName,
author = {Maxim Musterfrau},
title = {Name},
year = {0},
pages = {100--200},
month = {6},
publisher = {EIII},
address = {MCA, AUSGEDACHTISTAN},
booktitle = {Proceedings of ICA},
}

@article{Article,
author = {Article Writer},
isbn = {0-123345-3},
month = {12},
pages = {132--142},
title = {{ABC}},
url = {http://dl.acm.org/citation.cfm?id=106765.106782},
year = {0}
}

@incollection{Collection,
abstract = { Much Abstract text},
doi = {719712937129839},
issn = {1234-1234},
keywords = {Computer Science},
month = {5},
number = {1},
pages = {81--92},
publisher = { Jumper Berlin },
title = {{Efficient monitoring of personalized hot news over Web 2.0 streams}},
url = {http://www.abc.de},
volume = {27},
year = {2011}
}

@misc{MISC,
author = {MI, SC},
title = {{MISC TITELOS}},
url = {http://mi.sc}
}

@book{Schreiber, 
title={Wichtiges Buch},
author={Dr. Schreiber},
publisher={Jumper},
year={0},
month={4},
edition={1st Edition.},
isbn={1234567890},
url={http://abc.de},
totalpages={254},
timestamp={00.06.10},
}

@article{shao+:1994:unrolling-lists,
	Acmid = {182453},
	Address = {New York, NY, USA},
	Author = {Shao, Zhong and Reppy, John H. and Appel, Andrew W.},
	Date-Added = {2013-10-11 00:32:35 +0000},
	Date-Modified = {2013-10-11 00:32:43 +0000},
	Doi = {10.1145/182590.182453},
	Issn = {1045-3563},
	Issue_Date = {July-Sept. 1994},
	Journal = {SIGPLAN Lisp Pointers},
	Month = jul,
	Number = {3},
	Numpages = {11},
	Pages = {185--195},
	Publisher = {ACM},
	Title = {Unrolling lists},
	Url = {http://doi.acm.org/10.1145/182590.182453},
	Volume = {VII},
	Year = {1994}}

@inproceedings{filliatre+:2006:type-safe-modular,
	Acmid = {1159880},
	Author = {Filliâtre, Jean-Christophe and Conchon, Sylvain},
	Booktitle = {Proceedings of the 2006 Workshop on ML},
	Date-Modified = {2013-10-05 10:30:00 +0000},
	Doi = {10.1145/1159876.1159880},
	Isbn = {1-59593-483-9},
	Keywords = {data structures, hash-consing, sharing},
	Location = {Portland, Oregon, USA},
	Numpages = {8},
	Pages = {12--19},
	Publisher = {ACM},
	Series = {ML '06},
	Title = {Type-safe Modular Hash-consing},
	Url = {http://doi.acm.org/10.1145/1159876.1159880},
	Year = {2006}}

@online{richardson:2014:service-registry,
	Author = {Chris Richardson},
	Title = {Microservice architecture patterns and best practices - Service Registry},
	Url = {http://microservices.io/patterns/service-registry.html},
	Urldate = {2015-11-03},
	Year={2014}}
	
@book{Heydon:2012,
	Author = {R. Heydon},
	Publisher = {Prentice Hall},
	Title = {Bluetooth Low Energy~--~the Developer's Handbook},
	Year = {2012}}
	
@article{Decuir:2014,
	Author = {J. Decuir},
	Journal = {Consumer Electronics Magazine},
	Title = {Introducing Bluetooth Smart~--~Part II~--~Applications and Updates},
	Year = {2014}}

@article{Decuir:2013,
	Author = {J. Decuir},
	Journal = {Consumer Electronics Magazine},
	Title = {Introducing Bluetooth Smart~--~Part I~--~a Look at Both Classic and New Technologies},
	Year = {2013}}

@article{Babusiak:2015,
	Author = {B. Babusiak and S. Borik},
	Journal = {International Conference on Telecommunications and Signal Processing},
	Title = {Low Energy Wireless Communication for Medical Devices},
	Year = {2015}}

@book{Gupta:2013,
	Author = {N. Gupta},
	Publisher = {Artech House},
	Title = {Inside Bluetooth Low Energy},
	Year = {2013}}

@book{Townsend:2014,
	Author = {K. Townsend and C. Cufi and C. Wang and R. Davidson},
	Publisher = {O'Reilly Media},
	Title = {Getting Started with Bluetooth Low Energy~--~Tools and Techniques for Low-Power Networking},
	Year = {2014}}

@book{Hughes:2014,
	Author = {R. Hughes},
	Publisher = {Special Interest Group},
	Title = {Body Composition Profile (BCP)},
	Year = {2014}}

@book{Hartmann:2015,
	Author = {J. Hartmann and M. Leipnitz and L. Aschehoug and W. Heck},
	Publisher = {Special Interest Group},
	Title = {Oxygen Saturation Profile (OSP)},
	Year = {2015}}

@book{Hughes:2012,
	Author = {R. Hughes and B. Krishnamoorthy and R. Strickland and T. Cook},
	Publisher = {Special Interest Group},
	Title = {Blood Glucose Profile (BGP)},
	Year = {2012}}

@book{Hulvey:2011,
	Author = {R. Hulvey and R. Hughes and T. Nishimura and D. Mccain and A. Gupta and J. Decuir},
	Publisher = {Special Interest Group},
	Title = {Blood Pressure Profile (BPP)},
	Year = {2011}}

@book{Hunn:2010,
	Author = {N. Hunn},
	Publisher = {Cambridge University Press},
	Title = {Essentials of Short-Range Wireless},
	Year = {2010}}

@article{Gomez:2012,
	Author = {C. Gomez and J. Oller and J. Paradells},
	Journal = {Sensors},
	Title = {Overview and Evaluation of Bluetooth Low Energy~--~an Emerging Low-Power Wireless Technology},
	Year = {2012}}

@article{Fotouhi:2016,
	Author = {H. Fotouhi and A. Causevic and M. Vahabi and M. Björkman},
	Journal = {International Conference on Communications Workshops},
	Title = {Interoperability in Heterogeneous Low-Power Wireless Networks for Health Monitoring Systems},
	Year = {2016}}
	
@article{Celik:2015,
	Author = {A. Celik and J. Oelker and F. Künemund and C. Röhrig},
	Journal = {Proceedings of the Active Assisted Living Congress},
	Title = {Automatic Vital Data Acquisition Via a Bluetooth Low Energy Based Network},
	Year = {2015}}

@book{Sauter:2014,
	Author = {M. Sauter},
	Publisher = {John Wiley \& Sons},
	Title = {From GSM to LTE-Advanced~--~an Introduction to Mobile Networks and Mobile Broadband},
	Year = {2014}}

@book{Gratton:2013,
	Author = {D. Gratton},
	Publisher = {Cambridge University Press},
	Title = {The Handbook of Personal Area Networking Technologies and Protocols},
	Year = {2013}}

@article{Salih:2011,
	Author = {R. Salih and L. Othmane and L. Lilien},
	Journal = {International Symposium on Parallel and Distributed Processing with Applications Workshops},
	Title = {Privacy Protection in Pervasive Healthcare Monitoring Systems with Active Bundles},
	Year = {2011}}

@article{Patel:2010,
	Author = {M. Patel and J. Wang},
	Journal = {Wireless Communications},
	Title = {Applications, Challenges, and Prospective in Emerging Body Area Networking Technologies},
	Year = {2010}}

@article{Altini:2011,
	Author = {M. Altini and S. Polito and J. Penders and H. Kim and N. Helleputte and S. Kim and F. Yazicioglu},
	Journal = {Proceedings of the Conference on Wireless Health},
	Title = {An ECG Patch Combining a Customized Ultra-Low-Power ECG SOC with Bluetooth Low Energy for Long Term Ambulatory Monitoring},
	Year = {2011}}

@article{Ryan:2013,
	Author = {M. Ryan},
	Journal = {Usenix Workshop on Offensive Technologies},
	Title = {Bluetooth~--~with Low Energy Comes Low Security},
	Year = {2013}}

@article{Dunning:2010,
	Author = {J. Dunning},
	Journal = {Security and Privacy},
	Title = {Taming the Blue Beast~--~A Survey of Bluetooth Based Threats},
	Year = {2010}}

@article{Sandhya:2012,
	Author = {S. Sandhya and K. Devi},
	Journal = {International Conference on Computing, Communication and Applications},
	Title = {Analysis of Bluetooth Threats and V4.0 Security Features},
	Year = {2012}}

@book{Gupta:2011,
	Author = {A. Gupta and J. Decuir and R. Hughes and J. Barr and K. Shingala and L. Aschehoug and G. Schatz and N. Granqvist and J. Miettinen and M. Tilvis and M. Karjalainen and M. Sipola and J. Hillyard},
	Publisher = {Special Interest Group},
	Title = {Heart Rate Profile (HRP)},
	Year = {2011}}

@online{Apple:2013n,
	Author = {Apple},
	Title = {Core Bluetooth~--~Sample Code},
	Url = {https://developer.apple.com/library/ios/samplecode/TemperatureSensor},
	Urldate = {2016-07-29},
	Year = {2013}}

@online{Apple:2013m,
	Author = {Apple},
	Title = {XCTest Programming Guide},
	Url = {https://developer.apple.com/library/tvos/documentation/DeveloperTools/Conceptual/testing_with_xcode},
	Urldate = {2016-07-29},
	Year = {2013}}
	
@online{Apple:2013o,
	Author = {Apple},
	Title = {Core Bluetooth~--~Simulator Capability},
	Url = {https://forums.developer.apple.com/thread/14983},
	Urldate = {2016-07-29},
	Year = {2013}}

@online{Stribling:2016,
	Author = {T. Stribling},
	Title = {BlueCap},
	Url = {https://github.com/troystribling/BlueCap},
	Urldate = {2016-07-29},
	Year = {2016}}

@online{Guard:2014,
	Author = {D. Guard},
	Title = {BlueSim},
	Url = {https://github.com/AttackPattern/BlueSim},
	Urldate = {2016-07-29},
	Year = {2014}}

@online{King:2011,
	Author = {B. King},
	Title = {RZBluetooth},
	Url = {https://github.com/Raizlabs/RZBluetooth},
	Urldate = {2016-07-29},
	Year = {2011}}

@online{Jacoby:2016,
	Author = {J. Jacoby},
	Title = {BPBluetooth},
	Url = {https://github.com/janukobytsch/BPBluetooth},
	Urldate = {2016-07-29},
	Year = {2016}}

@book{Gamma:1994,
	Author = {E. Gamma and R. Helm and R. Johnson and J. Vlissides},
	Publisher = {Addison-Wesley},
	Title = {Design Patterns~--~Elements of Reusable Object-Oriented Software},
	Year = {1994}}
	
@article{avizienis_basic_2004,
	title = {Basic concepts and taxonomy of dependable and secure computing},
	volume = {1},
	url = {http://ieeexplore.ieee.org/xpls/abs_all.jsp?arnumber=1335465},
	pages = {11--33},
	number = {1},
	journaltitle = {{IEEE} transactions on dependable and secure computing},
	author = {Avižienis, Algirdas and Laprie, J.-C. and Randell, Brian and Landwehr, Carl},
	urldate = {2016-11-23},
	date = {2004},
}