
@misc{noauthor_heatwave_2023,
	title = {Heatwave forces {French} nuclear power plants to limit energy output},
	url = {www.euronews.com/green/2023/07/13/frances-nuclear-power-stations-to-limit-energy-output-due-to-high-river-temperatures},
	abstract = {The high temperature warning has come early this year but will affect fewer nuclear power plants.},
	language = {en},
	urldate = {2024-10-07},
	journal = {euronews},
	month = jul,
	year = {2023},
	keywords = {web},
	file = {Snapshot:/home/vincent/snap/zotero-snap/common/Zotero/storage/D9ADC5N5/frances-nuclear-power-stations-to-limit-energy-output-due-to-high-river-temperatures.html:text/html},
}

@misc{web_electricitymaps,
	title = {Build next generation sustainable products {\textbar} {Electricity} {Maps}},
	url = {www.electricitymaps.com/},
	abstract = {Electricity Maps provides real-time and predictive electricity signals that unlock smarter electricity use to save carbon emissions and costs for end-users.},
	language = {en},
	urldate = {2024-10-07},
	keywords = {web},
	file = {Snapshot:/home/vincent/snap/zotero-snap/common/Zotero/storage/BW4HXZ8A/www.electricitymaps.com.html:text/html},
}

@misc{web_watttime,
	title = {WattTime},
	url = {watttime.org/},
	language = {en-US},
	urldate = {2024-10-07},
	journal = {WattTime},
	keywords = {web},
	file = {Snapshot:/home/vincent/snap/zotero-snap/common/Zotero/storage/TYTH6BRP/watttime.org.html:text/html},
}

@misc{web_agora,
	title = {Agora {Energiewende}},
	url = {www.agora-energiewende.org/},
	abstract = {Agora Energiewende develops scientifically sound and politically feasible strategies for a successful pathway to climate neutrality.},
	language = {en-US},
	urldate = {2024-10-07},
	keywords = {web},
	file = {Snapshot:/home/vincent/snap/zotero-snap/common/Zotero/storage/ZX3MQZ59/www.agora-energiewende.org.html:text/html},
}

@misc{web_tibber,
	title = {Dein {Stromvertrag} für das digitale {Zeitalter} {Tibber}},
	url = {tibber.com/de},
	abstract = {Tibber versorgt dein Zuhause mit günstigem Ökostrom und hilft dir, Energie smart zu nutzen},
	language = {de-DE},
	urldate = {2024-10-07},
	keywords = {web},
	file = {Snapshot:/home/vincent/snap/zotero-snap/common/Zotero/storage/95EIAWCA/de.html:text/html},
}

@misc{web_connectedpapers,
	title = {Connected {Papers} {\textbar} {Find} and explore academic papers},
	url = {www.connectedpapers.com/},
	urldate = {2024-10-07},
	keywords = {web},
	file = {Connected Papers | Find and explore academic papers:/home/vincent/snap/zotero-snap/common/Zotero/storage/M9KVX2JZ/www.connectedpapers.com.html:text/html},
}

@misc{web_hotcarbon,
	title = {{HotCarbon}},
	url = {hotcarbon.org//},
	abstract = {Workshop on Sustainable Computer Systems},
	language = {en},
	urldate = {2024-10-07},
	journal = {HotCarbon},
	keywords = {web},
	file = {Snapshot:/home/vincent/snap/zotero-snap/common/Zotero/storage/ERJJVTXZ/hotcarbon.org.html:text/html},
}

@misc{web_knowledgebase,
	title = {Getting started with {Slurm} - {HPI} {\textbar} {SCORE} {\textbar} {Labs}},
	url = {score.hpi.uni-potsdam.de/docs/Slurm/index.html},
	urldate = {2024-10-07},
	keywords = {web},
	file = {Getting started with Slurm - HPI | SCORE | Labs:/home/vincent/snap/zotero-snap/common/Zotero/storage/T3BNXZMZ/index.html:text/html},
}

@misc{web_scoreslack,
	title = {{SCORE} {Slack}},
	url = {hpi-scientificcompute.slack.com/archives/C05DCH62XTJ/p1709634180913929?thread_ts=1709633994.587459&cid=C05DCH62XTJ},
	urldate = {2024-10-07},
	keywords = {web},
	file = {Redirecting… | Slack:/home/vincent/snap/zotero-snap/common/Zotero/storage/EEZJ2I8A/p1709634180913929.html:text/html},
}

@misc{web_delabhpi,
	title = {{HPI} {Data} {Center}},
	url = {hpi.de/forschung/hpi-datacenter/},
	urldate = {2024-10-07},
	keywords = {web},
	file = {HPI Data Center | Hasso-Plattner-Institut:/home/vincent/snap/zotero-snap/common/Zotero/storage/9K3FS9NC/hpi-datacenter.html:text/html},
}

@misc{web_slurm,
	title = {Slurm {Workload} {Manager} - {Overview}},
	url = {slurm.schedmd.com/overview.html},
	urldate = {2024-10-07},
	keywords = {web},
	file = {Slurm Workload Manager - Overview:/home/vincent/snap/zotero-snap/common/Zotero/storage/JSQJI23P/overview.html:text/html},
}

@misc{web_munge,
	title = {Installation {Guide}},
	url = {github.com/dun/munge/wiki/Installation-Guide},
	abstract = {MUNGE (MUNGE Uid 'N' Gid Emporium) is an authentication service for creating and validating user credentials. - dun/munge},
	language = {en},
	urldate = {2024-10-07},
	journal = {GitHub},
	keywords = {web},
	file = {Snapshot:/home/vincent/snap/zotero-snap/common/Zotero/storage/NMJYIG6P/Installation-Guide.html:text/html},
}

@misc{web_slurmd,
	title = {Answer to "slurmd: error: {Couldn}'t find the specified plugin name for cgroup/v2 looking at all files"},
	shorttitle = {Answer to "slurmd},
	url = {stackoverflow.com/a/74211989},
	urldate = {2024-10-07},
	journal = {Stack Overflow},
	author = {APaul},
	month = oct,
	year = {2022},
	keywords = {web},
	file = {Snapshot:/home/vincent/snap/zotero-snap/common/Zotero/storage/AC7G9LM9/74211989.html:text/html},
}

@misc{web_slurmguide,
	title = {Slurm {Workload} {Manager} - {Adding} {Files} or {Plugins} to {Slurm}},
	url = {slurm.schedmd.com/add.html},
	urldate = {2024-10-07},
	keywords = {web},
	file = {Slurm Workload Manager - Adding Files or Plugins to Slurm:/home/vincent/snap/zotero-snap/common/Zotero/storage/QEMSB2A2/add.html:text/html},
}

@misc{web_autoconf,
	title = {Answer to "autoconf error on ubuntu 11.04"},
	url = {stackoverflow.com/a/15185787},
	urldate = {2024-10-07},
	journal = {Stack Overflow},
	author = {Montgomery, Addison},
	month = mar,
	year = {2013},
	keywords = {web},
	file = {Snapshot:/home/vincent/snap/zotero-snap/common/Zotero/storage/M6SEZ7PL/autoconf-error-on-ubuntu-11-04.html:text/html},
}

@misc{web_slurmsim,
	title = {How to use the {Slurm} simulator as a development and testing environment - {HPCKP}},
	url = {hpckp.org/articles/how-to-use-the-Slurm-simulator-as-a-development-and-testing-environment/},
	urldate = {2024-10-07},
	keywords = {web},
	file = {How to use the Slurm simulator as a development and testing environment - HPCKP:/home/vincent/snap/zotero-snap/common/Zotero/storage/K58DFPYL/how-to-use-the-Slurm-simulator-as-a-development-and-testing-environment.html:text/html},
}

@misc{web_distilbertdistilroberta-base_2024,
	title = {distilbert/distilroberta-base · {Hugging} {Face}},
	url = {huggingface.co/distilbert/distilroberta-base},
	abstract = {We’re on a journey to advance and democratize artificial intelligence through open source and open science.},
	urldate = {2024-10-07},
	month = may,
	year = {2024},
	keywords = {web},
	file = {Snapshot:/home/vincent/snap/zotero-snap/common/Zotero/storage/5JMND7YK/distilroberta-base.html:text/html},
}

@misc{web_powerlimitissue,
	title = {Unable to change power limit with nvidia-smi · {Issue} \#483 · {NVIDIA}/open-gpu-kernel-modules},
	url = {github.com/NVIDIA/open-gpu-kernel-modules/issues/483},
	abstract = {NVIDIA Open GPU Kernel Modules Version 530.41.03-1 Does this happen with the proprietary driver (of the same version) as well? Yes Operating System and Version Arch Linux Kernel Release Linux 6.2.8...},
	language = {en},
	urldate = {2024-10-07},
	journal = {GitHub},
	keywords = {web},
	file = {Snapshot:/home/vincent/snap/zotero-snap/common/Zotero/storage/SKFCDKD4/483.html:text/html},
}

@misc{web_nvidiapower,
	title = {Advanced {API} {Performance}: {SetStablePowerState}},
	shorttitle = {Advanced {API} {Performance}},
	url = {developer.nvidia.com/blog/advanced-api-performance-setstablepowerstate/},
	abstract = {This post covers best practices for using SetStablePowerState on NVIDIA GPUs. To get a high and consistent frame rate in your applications, see all Advanced API Performance tips.},
	language = {en-US},
	urldate = {2024-10-07},
	journal = {NVIDIA Technical Blog},
	month = jun,
	year = {2022},
	keywords = {web},
	file = {Snapshot:/home/vincent/snap/zotero-snap/common/Zotero/storage/AAS8W5LI/advanced-api-performance-setstablepowerstate.html:text/html},
}
